<?xml version="1.0" encoding="UTF-8"?><collection xmlns="http://www.loc.gov/MARC21/slim"><record><leader>00510nam--2200193-i-4500</leader><controlfield tag="001">000049824</controlfield><controlfield tag="002">20161230</controlfield><controlfield tag="005">20161230201047</controlfield><controlfield tag="008">060222s1000------------r-----000-0-rus-d</controlfield><datafield ind1=" " ind2=" " tag="040"><subfield code="a">IFIN-HH</subfield></datafield><datafield ind1=" " ind2=" " tag="041"><subfield code="a">rus</subfield></datafield><datafield ind1=" " ind2=" " tag="080"><subfield code="a">519.713.6</subfield></datafield><datafield ind1="1" ind2=" " tag="100"><subfield code="a">Artamonov, G.T</subfield></datafield><datafield ind1="1" ind2="0" tag="245"><subfield code="a">Analiticheskie veroiatnostnye modeli funcionirovaniia evm</subfield><subfield code="c">G.t. artamonov, o.m. brehov</subfield></datafield><datafield ind1=" " ind2=" " tag="260"><subfield code="a">Moskva</subfield><subfield code="b">Energia</subfield><subfield code="c">1978</subfield></datafield><datafield ind1=" " ind2=" " tag="300"><subfield code="a">368 S</subfield></datafield><datafield ind1="1" ind2=" " tag="700"><subfield code="a">Brehov, O.M</subfield></datafield><datafield ind1=" " ind2=" " tag="852"><subfield code="a">47360</subfield><subfield code="c">519.4/5</subfield></datafield><datafield ind1=" " ind2=" " tag="CAT"><subfield code="a">Sys</subfield><subfield code="c">20130814</subfield><subfield code="h">124448</subfield></datafield></record></collection>